% dataset
@inproceedings{lu2022learn,
    title={Learn to Explain: Multimodal Reasoning via Thought Chains for Science Question Answering},
    author={Lu, Pan and Mishra, Swaroop and Xia, Tony and Qiu, Liang and Chang, Kai-Wei and Zhu, Song-Chun and Tafjord, Oyvind and Clark, Peter and Ashwin Kalyan},
    booktitle={The 36th Conference on Neural Information Processing Systems (NeurIPS)},
    year={2022}
}

% approaches
%% knowledge distillation
@article{shridhar2022distilling,
  title={Distilling reasoning capabilities into smaller language models},
  author={Shridhar, Kumar and Stolfo, Alessandro and Sachan, Mrinmaya},
  journal={arXiv preprint arXiv:2212.00193},
  year={2022}
}
%% prompt design
@article{schulhoff2024prompt,
  title={The Prompt Report: A Systematic Survey of Prompting Techniques},
  author={Schulhoff, Sander and Ilie, Michael and Balepur, Nishant and Kahadze, Konstantine and Liu, Amanda and Si, Chenglei and Li, Yinheng and Gupta, Aayush and Han, HyoJung and Schulhoff, Sevien and others},
  journal={arXiv preprint arXiv:2406.06608},
  year={2024}
}
%% agentic architectures
@article{lin2024swiftsage,
  title={Swiftsage: A generative agent with fast and slow thinking for complex interactive tasks},
  author={Lin, Bill Yuchen and Fu, Yicheng and Yang, Karina and Brahman, Faeze and Huang, Shiyu and Bhagavatula, Chandra and Ammanabrolu, Prithviraj and Choi, Yejin and Ren, Xiang},
  journal={Advances in Neural Information Processing Systems},
  volume={36},
  year={2024}
}
@article{ghafarollahi2024sciagents,
  title={SciAgents: Automating scientific discovery through multi-agent intelligent graph reasoning},
  author={Ghafarollahi, Alireza and Buehler, Markus J},
  journal={arXiv preprint arXiv:2409.05556},
  year={2024}
}